<?xml version="1.0" encoding="UTF-8"?><collection xmlns="http://www.loc.gov/MARC21/slim"><record><leader>00499nam--2200169-i-4500</leader><controlfield tag="001">000035415</controlfield><controlfield tag="002">20161230</controlfield><controlfield tag="005">20170221163033</controlfield><controlfield tag="008">060222s1000------------r-----000-0-eng-d</controlfield><datafield ind1="1" ind2=" " tag="100"><subfield code="a">Paige, L. J</subfield></datafield><datafield ind1="1" ind2="0" tag="245"><subfield code="a">Simultaneous linear equations and the determinations of eigenvalues</subfield></datafield><datafield ind1=" " ind2=" " tag="260"><subfield code="a">Washington</subfield><subfield code="b">U.S.Government Printing Offg</subfield><subfield code="c">1961</subfield></datafield><datafield ind1=" " ind2=" " tag="300"><subfield code="a">126 p</subfield></datafield><datafield ind1=" " ind2=" " tag="490"><subfield code="a">Nbs-applied Mathematics Series</subfield><subfield code="v">vol. 29</subfield></datafield><datafield ind1=" " ind2=" " tag="700"><subfield code="a">Taussky, Olga</subfield></datafield><datafield ind1=" " ind2=" " tag="852"><subfield code="a">17856</subfield><subfield code="c">517.9</subfield></datafield><datafield ind1=" " ind2=" " tag="CAT"><subfield code="a">SYS</subfield><subfield code="c">20170221</subfield><subfield code="h">163033</subfield></datafield></record></collection>